@article{bitsnchips:2019,
  title = {Multiphysics simulations for 5G RFICs and SoCs},
  journal = {Bits\&Chips},
  author = {Laurent Ntibarikure},
  %url = {https://bits-chips.com/article/multiphysics-simulations-for-5g-rfics-and-socs},
  year = {2019}
}

@article{sensors:2018,
  title = {Fiber-Optic Liquid Level Sensing by Temperature Profiling with an FBG Array},
  journal = {Sensors},
  volume = {18},
  number = {8},
  article-number = {2422},
  author = {Barone, Francesco and Signorini, Alessandro and Ntibarikure, Laurent and Fiore, Tiziano and Di Pasquale, Fabrizio and Oton, Claudio J.},
  url = {https://www.mdpi.com/1424-8220/18/8/2422},
  year = {2018}
}

@book{phd:2014,
  title = {Contributions to the Art of Finite Elements in Electromagnetics},
  author = {Laurent Ntibarikure},
  address = {Florence, Italy},
  url = {https://hdl.handle.net/2158/843133},
  year = {2014}
}

@inproceedings{rinem:2014,
  title = {Assessment of the performances of GMRES(r) using a domain decomposition approach as a preconditioner},
  booktitle = {Proceedings, XX  Riunione Nazionale di Elettromagnetismo (XX RiNEm)},
  author = {Ntibarikure, Laurent and Pelosi, Giuseppe and Selleri, Stefano},
  address = {Padua, Italy},
  url = {https://inspirehep.net/literature/1403858},
  year = {2014},
}


@article{electromagnetics:2014,
  author = {L. Ntibarikure and G. Pelosi and S. Selleri and},
  title = {Harmonic Balance Domain Decomposition Finite Elements for Nonlinear Passive Microwave Devices Analysis},
  journal = {Electromagnetics},
  volume = {34},
  number = {3-4},
  pages = {239--252},
  year = {2014},
  publisher = {Taylor \& Francis},
  doi = {10.1080/02726343.2014.877756},
  url = {  https://doi.org/10.1080/02726343.2014.877756}
}

@inproceedings{rinem:2012,
  title = {Harmonic Balance Finite Element Analysis of Third Order Intermodulation Products in Ferrite Devices},
  booktitle = {Proceedings, XIX  Riunione Nazionale di Elettromagnetismo (XIX RiNEm)},
  author = {Ntibarikure, Laurent and Pelosi, Giuseppe and Selleri, Stefano},
  address = {Roma, Italy},
  editor = {SiEm, Societa'Italiana di Elettromagnetismo},
  year = {2012},
}

@inproceedings{barzilai:2012,
  title = {Model order reduction in finite elements analysis of phased array antennas},
  booktitle = {Proceedings, XIX  Riunione Nazionale di Elettromagnetismo (XIX RiNEm)},
  author = {Ntibarikure, Laurent},
  address = {Roma, Italy},
  editor = {SiEm, Societa'Italiana di Elettromagnetismo},
  year = {2012},
}

@article{6185700,
  author={Ntibarikure, Laurent and Pelosi, Giuseppe and Selleri, Stefano},
  journal={IEEE Microwave and Wireless Components Letters}, 
  title={Efficient Harmonic Balance Analysis of Waveguide Devices With Nonlinear Dielectrics}, 
  year={2012},
  volume={22},
  number={5},
  pages={221-223},
  keywords={Harmonic analysis;Vectors;Dielectrics;Iron;Finite element methods;Approximation methods;Radio frequency;Domain decomposition method;finite element methods;harmonic analysis;nonlinear media;waveguide filters},
  doi={10.1109/LMWC.2012.2192420}
}

@patent{Ntibarikure_patent,
  author    = {Ntibarikure, Laurent},
  title     = {Module with Sensors Arrangement},
  number    = {US20180180464A1},
  date      = {2018},
  organization = {United States Patent Office},
  url = {https://patents.google.com/patent/US20180180464A1/en}
}
